<?xml version = "1.0" encoding = "UTF-8"?><record>
  <leader>00730nam#a22002532cc4500</leader>
  <controlfield tag="005">20210408073417.0</controlfield>
  <controlfield tag="008">931226|1979####gw############|||#|#ger#c</controlfield>
  <controlfield tag="003">DE-605</controlfield>
  <controlfield tag="001">990098518730206441</controlfield>
  <datafield tag="035" ind1=" " ind2=" ">
    <subfield code="a">(DE-605)HT005944358</subfield>
  </datafield>
  <datafield tag="040" ind1=" " ind2=" ">
    <subfield code="a">361</subfield>
    <subfield code="b">ger</subfield>
    <subfield code="e">rakwb</subfield>
  </datafield>
  <datafield tag="041" ind1=" " ind2=" ">
    <subfield code="a">ger</subfield>
  </datafield>
  <datafield tag="044" ind1=" " ind2=" ">
    <subfield code="c">XA-DE</subfield>
  </datafield>
  <datafield tag="245" ind1="0" ind2="0">
    <subfield code="a">Zeitschrift f&#252;r romanische Philologie</subfield>
    <subfield code="n">95</subfield>
  </datafield>
  <datafield tag="264" ind1="3" ind2="1">
    <subfield code="a">Berlin [u.a.]</subfield>
    <subfield code="b">&lt;&lt;de&gt;&gt; Gruyter</subfield>
    <subfield code="c">1979</subfield>
    <subfield code="3">1979</subfield>
  </datafield>
  <datafield tag="264" ind1="2" ind2="1">
    <subfield code="a">Halle</subfield>
    <subfield code="b">Niemeyer</subfield>
    <subfield code="3">1979</subfield>
  </datafield>
  <datafield tag="264" ind1="2" ind2="1">
    <subfield code="a">T&#252;bingen</subfield>
    <subfield code="b">Neomarius</subfield>
    <subfield code="3">1979</subfield>
  </datafield>
  <datafield tag="264" ind1="2" ind2="1">
    <subfield code="a">T&#252;bingen</subfield>
    <subfield code="b">Niemeyer</subfield>
    <subfield code="3">1979</subfield>
  </datafield>
  <datafield tag="336" ind1=" " ind2=" ">
    <subfield code="b">txt</subfield>
  </datafield>
  <datafield tag="337" ind1=" " ind2=" ">
    <subfield code="b">n</subfield>
  </datafield>
  <datafield tag="338" ind1=" " ind2=" ">
    <subfield code="b">nc</subfield>
  </datafield>
  <datafield tag="700" ind1="1" ind2=" ">
    <subfield code="a">Gr&#246;ber, Gustav</subfield>
    <subfield code="d">1844-1911</subfield>
    <subfield code="0">(DE-588)119126796</subfield>
    <subfield code="4">oth</subfield>
    <subfield code="9">O:H</subfield>
    <subfield code="0">(uri) https://portal.dnb.de/opac.htm?method=simpleSearch&amp;cqlMode=true&amp;query=idn=119126796</subfield>
    <subfield code="0">(uri) http://viaf.org/viaf/sourceID/DNB|119126796</subfield>
  </datafield>
  <datafield tag="773" ind1="0" ind2="8">
    <subfield code="w">(DE-605)HT005077038</subfield>
    <subfield code="q">95</subfield>
  </datafield>
  <datafield tag="964" ind1="0" ind2="s">
    <subfield code="F">030</subfield>
    <subfield code="A">h|1uc||||||||</subfield>
  </datafield>
  <datafield tag="MBD" ind1=" " ind2=" ">
    <subfield code="M">49HBZ_NETWORK</subfield>
    <subfield code="i">990098518730206441</subfield>
    <subfield code="n">HBZ Network</subfield>
  </datafield>
  <datafield tag="MBD" ind1=" " ind2=" ">
    <subfield code="M">49HBZ_BIE</subfield>
    <subfield code="i">991014455259706442</subfield>
    <subfield code="n">UB Bielefeld</subfield>
  </datafield>
  <datafield tag="700" ind1="1" ind2=" ">
    <subfield code="a">Gr&#246;ber, Gustav</subfield>
    <subfield code="d">1844-1911</subfield>
    <subfield code="0">(DE-588)119126796</subfield>
    <subfield code="4">oth</subfield>
    <subfield code="9">O:H</subfield>
    <subfield code="M">49HBZ_BIE</subfield>
  </datafield>
  <datafield tag="980" ind1="1" ind2=" ">
    <subfield code="e">HBZ</subfield>
    <subfield code="9">LOCAL</subfield>
    <subfield code="M">49HBZ_BIE</subfield>
  </datafield>
  <datafield tag="981" ind1=" " ind2=" ">
    <subfield code="a">(DE-361)991968</subfield>
    <subfield code="9">LOCAL</subfield>
    <subfield code="M">49HBZ_BIE</subfield>
  </datafield>
  <datafield tag="997" ind1=" " ind2=" ">
    <subfield code="a">20020121</subfield>
    <subfield code="9">LOCAL</subfield>
    <subfield code="M">49HBZ_BIE</subfield>
  </datafield>
  <datafield tag="MNG" ind1=" " ind2=" ">
    <subfield code="c">System</subfield>
    <subfield code="f">ILS</subfield>
    <subfield code="i">marc21</subfield>
    <subfield code="k">01</subfield>
    <subfield code="e">false</subfield>
    <subfield code="d">2021-04-08 07:34:17 Europe/Berlin</subfield>
    <subfield code="g">009851873-HBZ01</subfield>
    <subfield code="j">60</subfield>
    <subfield code="a">import</subfield>
    <subfield code="b">2021-04-06 04:29:18 Europe/Berlin</subfield>
  </datafield>
  <datafield tag="H52" ind1="8" ind2=" ">
    <subfield code="b">UB_BI</subfield>
    <subfield code="c">15_Zs</subfield>
    <subfield code="h">NA000 Z540[95</subfield>
    <subfield code="8">22248579680006442</subfield>
  </datafield>
  <datafield tag="HOL" ind1=" " ind2=" ">
    <subfield code="b">2021-04-19 04:32:15</subfield>
    <subfield code="8">22248579680006442</subfield>
    <subfield code="M">49HBZ_BIE</subfield>
    <subfield code="g">false</subfield>
    <subfield code="a">import</subfield>
  </datafield>
  <datafield tag="ITM" ind1=" " ind2=" ">
    <subfield code="H">22248579680006442</subfield>
    <subfield code="x">15_Zs</subfield>
    <subfield code="f">BOOK</subfield>
    <subfield code="v">15_Zs</subfield>
    <subfield code="p">item_04</subfield>
    <subfield code="X">Cutover_Fix_OSID</subfield>
    <subfield code="U">2021-04-18 10:59:00</subfield>
    <subfield code="Y">2021-04-19 04:32:49</subfield>
    <subfield code="h">false</subfield>
    <subfield code="M">49HBZ_BIE</subfield>
    <subfield code="s">1</subfield>
    <subfield code="d">8</subfield>
    <subfield code="V">import</subfield>
    <subfield code="L">Abteilung/Standort/Haushaltsstufe: 15 | SISIS-Magazindrucker: 0 | HBZ01: HT005944358 | Keine Beilagen: 1</subfield>
    <subfield code="b">154/1350279+01</subfield>
    <subfield code="O">SISIS-Ausleihz&#228;hler vorletztes Migrationsjahr: 0 | SISIS-Vormerkz&#228;hler Migrationsjahr: 0 | SISIS-Buchdaten-Aufnahmedatum: 2002-01-29</subfield>
    <subfield code="N">Fernleihkonditionen: 0 | Sigel: 361 | Klassifikation: 15_Zs | Altersbegrenzung: 0 | SISIS-Ausleihz&#228;hler Migrationsjahr: 0 | SISIS-Ausleihz&#228;hler Vor-Migrationsjahr: 0</subfield>
    <subfield code="a">23248579670006442</subfield>
    <subfield code="c">NA000 Z540[95</subfield>
    <subfield code="W">2021-04-19 04:32:15</subfield>
    <subfield code="u">UB_BI</subfield>
    <subfield code="w">UB_BI</subfield>
  </datafield>
  <datafield tag="GPN" ind1="1" ind2=" ">
    <subfield code="a">Gro&#776;ber-Hofer, ...</subfield>
    <subfield code="d">1844-1911</subfield>
    <subfield code="9">v:Scheinbarer Doppelname</subfield>
    <subfield code="A">GND</subfield>
    <subfield code="B">GND-119126796</subfield>
    <subfield code="C">400</subfield>
  </datafield>
  <datafield tag="GPN" ind1="1" ind2=" ">
    <subfield code="a">Groeber, Gustav</subfield>
    <subfield code="d">1844-1911</subfield>
    <subfield code="A">GND</subfield>
    <subfield code="B">GND-119126796</subfield>
    <subfield code="C">400</subfield>
  </datafield>
  <datafield tag="GPN" ind1="1" ind2=" ">
    <subfield code="a">Groeber, Max Gustav</subfield>
    <subfield code="d">1844-1911</subfield>
    <subfield code="A">GND</subfield>
    <subfield code="B">GND-119126796</subfield>
    <subfield code="C">400</subfield>
  </datafield>
  <datafield tag="GPN" ind1="1" ind2=" ">
    <subfield code="a">Gro&#776;ber, G.</subfield>
    <subfield code="d">1844-1911</subfield>
    <subfield code="A">GND</subfield>
    <subfield code="B">GND-119126796</subfield>
    <subfield code="C">400</subfield>
  </datafield>
  <datafield tag="GSI" ind1="7" ind2=" ">
    <subfield code="a">http://d-nb.info/gnd/119126796</subfield>
    <subfield code="2">uri</subfield>
    <subfield code="A">GND</subfield>
    <subfield code="B">GND-119126796</subfield>
    <subfield code="C">024</subfield>
  </datafield>
</record>